
@article{narayan2024,
author = {Narayan, Gatkal and Nalawade, Sachin and Sahni, Ramesh and Bhanage, G.B. and Walunj, Avdhoot and Kadam, Pravin and Ali, Musrrat},
year = {2024},
month = {11},
pages = {1-14},
title = {Review of IoT and electronics enabled smart agriculture},
volume = {17},
journal = {International Journal of Agricultural and Biological Engineering},
doi = {10.25165/j.ijabe.20241705.8496}
}

@article{Adi2020,
author = {Adi, Erwin and Anwar, Adnan and Baig, Zubair and Zeadally, Sherali},
year = {2020},
month = {10},
pages = {},
title = {Machine learning and data analytics for the IoT},
volume = {32},
journal = {Neural Computing and Applications},
doi = {10.1007/s00521-020-04874-y}
}

@article{pica2023,
author = {PICA, AUREL and Marcu, Laura and Cornelia Denisa, Ivan and Angelescu, Nicoleta},
year = {2023},
month = {06},
pages = {553-566},
title = {STATISTICAL ANALYSIS OF INTERNET OF THINGS (IoT) PENETRATION IN INDIVIDUAL CONSUMPTION IN EU COUNTRIES},
volume = {23},
journal = {Journal of Science and Arts},
doi = {10.46939/J.Sci.Arts-23.2-c03}
}

@inbook{Tasiran2019,
author = {Tasiran, Ali},
year = {2019},
month = {01},
pages = {127-136},
title = {Internet of Things and Statistical Analysis},
isbn = {978-3-319-93556-0},
doi = {10.1007/978-3-319-93557-7_8}
}

@article{Ferencz2023,
author = {Ferencz, Katalin and Domokos, Jozsef and Kov√°cs, Levente},
year = {2023},
month = {06},
pages = {36-44},
title = {Analysis of Industrial Sensor Data Using Statistical and Regression Methods},
volume = {3},
journal = {system theory, control and computing journal},
doi = {10.52846/stccj.2023.3.1.48}
}



@article{MAHDAVINEJAD2018161,
title = {Machine learning for internet of things data analysis: a survey},
journal = {Digital Communications and Networks},
volume = {4},
number = {3},
pages = {161-175},
year = {2018},
issn = {2352-8648},
doi = {https://doi.org/10.1016/j.dcan.2017.10.002},
url = {https://www.sciencedirect.com/science/article/pii/S235286481730247X},
author = {Mohammad Saeid Mahdavinejad and Mohammadreza Rezvan and Mohammadamin Barekatain and Peyman Adibi and Payam Barnaghi and Amit P. Sheth},
}

@article{Syafrudin2018,
author = {Syafrudin, Muhammad and Alfian, Ganjar and Fitriyani, Norma Latif and Rhee, Jongtae},
year = {2018},
month = {09},
pages = {2946},
title = {Performance Analysis of IoT-Based Sensor, Big Data Processing, and Machine Learning Model for Real-Time Monitoring System in Automotive Manufacturing},
volume = {18},
journal = {Sensors},
doi = {10.3390/s18092946}
}

@article{NARAYANA2024e28195,
title = {Advances in real time smart monitoring of environmental parameters using IoT and sensors},
journal = {Heliyon},
volume = {10},
number = {7},
pages = {e28195},
year = {2024},
issn = {2405-8440},
doi = {https://doi.org/10.1016/j.heliyon.2024.e28195},
url = {https://www.sciencedirect.com/science/article/pii/S2405844024042269},
author = {T. Lakshmi Narayana and C. Venkatesh and Ajmeera Kiran and Chinna Babu J and Adarsh Kumar and Surbhi Bhatia Khan and Ahlam Almusharraf and Mohammad Tabrez Quasim},
}

@article{Ullo2020,
author = {Ullo, Silvia and Sinha, Professor G},
year = {2020},
month = {05},
pages = {3113},
title = {Advances in Smart Environment Monitoring Systems Using IoT and Sensors},
volume = {20},
journal = {Sensors},
doi = {10.3390/s20113113}
}

@article{Selmy2024,
  author    = {H. A. Selmy and H. K. Mohamed and W. Medhat},
  title     = {A predictive analytics framework for sensor data using time series and deep learning techniques},
  journal   = {Neural Computing and Applications},
  volume    = {36},
  pages     = {6119--6132},
  year      = {2024},
  doi       = {10.1007/s00521-023-09398-9},
  url       = {https://doi.org/10.1007/s00521-023-09398-9}
}


